<record><leader>00000cas a2200000 a 4500</leader><controlfield tag="001">12574570</controlfield><controlfield tag="008">850919d19591960ksuwr ne      0    0eng d</controlfield><datafield ind1=" " ind2=" " tag="010"><subfield code="a">sn 85032432 </subfield></datafield><datafield ind1=" " ind2=" " tag="040"><subfield code="a">KSH</subfield><subfield code="b">eng</subfield><subfield code="c">KSH</subfield><subfield code="d">NPT</subfield><subfield code="d">OCL</subfield><subfield code="d">OCLCQ</subfield></datafield><datafield ind1=" " ind2=" " tag="042"><subfield code="a">msc</subfield></datafield><datafield ind1="0" ind2="4" tag="245"><subfield code="a">The Derby news.</subfield></datafield><datafield ind1=" " ind2=" " tag="260"><subfield code="a">Derby, Kan. :</subfield><subfield code="b">W.B. Martin :</subfield><subfield code="b">Millard Ross,</subfield><subfield code="c">1959-</subfield></datafield><datafield ind1=" " ind2=" " tag="300"><subfield code="a">v. :</subfield><subfield code="b">ill. ;</subfield><subfield code="c">56 cm.</subfield></datafield><datafield ind1=" " ind2=" " tag="310"><subfield code="a">Weekly</subfield></datafield><datafield ind1="0" ind2=" " tag="362"><subfield code="a">Vol. 1, no. 1 (Oct. 15, 1959)-</subfield></datafield><datafield ind1="1" ind2=" " tag="362"><subfield code="a">Ceased with Mar. 17, 1960 issue?</subfield></datafield><datafield ind1=" " ind2=" " tag="752"><subfield code="a">United States</subfield><subfield code="b">Kansas</subfield><subfield code="c">Sedgwick</subfield><subfield code="d">Derby.</subfield></datafield><datafield ind1="1" ind2=" " tag="029"><subfield code="a">AU@</subfield><subfield code="b">000022165658</subfield></datafield></record>